@ONLINE {DocLua,
    title = "Lua Language",
    month = "sep",
    year  = "2018",
    url   = "https://www.lua.org/docs.html"
}
@ONLINE {ManualLua,
    title = "Manual de Referência de Lua 5.2",
    month = "sep",
    year  = "2018",
    url   = "https://www.lua.org/manual/5.2/pt/manual.html#2.6%20%E2%80%93%20Co-rotinas"
}
@ONLINE {AboutLua,
    title = "About",
    month = "oct",
    year  = "2018",
    url   = "https://www.lua.org/about.html"
}
@ONLINE {IntroLuaPDF,
    title = "Uma Introdução à Programação em Lua",
    month = "oct",
    year  = "2018",
    url   = "https://www.lua.org/doc/jai2009.pdf"
}
