@ONLINE {ManualLua,
	author = "Roberto Ierusalimschy and Luiz Henrique de Figueiredo and Waldemar Celes",
    title = "Manual de Referência de Lua 5.2",
    month = "sep",
    year  = "2018",
    url   = "https://www.lua.org/manual/5.2/pt/manual.html#2.6%20%E2%80%93%20Co-rotinas"
}
@ONLINE {AboutLua,
	author = "Roberto Ierusalimschy",
    title = "About Lua",
    month = "oct",
    year  = "2018",
    url   = "https://www.lua.org/about.html"
}
@ONLINE {IntroLuaPDF,
	author = "Roberto Ierusalimschy",
    title = "Uma Introdução à Programação em Lua",
    month = "oct",
    year  = "2018",
    url   = "https://www.lua.org/doc/jai2009.pdf"
}
@ONLINE {PatternMatchingLua,
	author = {{Lua User Wiki, a Colaborative Website}},
    title = "Patterns Tutorial",
    month = "oct",
    year  = "2018",
    url   = "http://lua-users.org/wiki/PatternsTutorial"
}
@ONLINE {ImmutableObjectsLua,
	author = {{Lua User Wiki, a Colaborative Website}},
    title = "Immutable Objects",
    month = "oct",
    year  = "2018",
    url   = "http://lua-users.org/wiki/ImmutableObjects"
}
@ONLINE {HigherOrderFunctionLua,
	author = {{Inny's Blog}},
    title = "Higher Order Functions in Lua",
    month = "oct",
    year  = "2018",
    url   = "http://inmatarian.github.io/2015/08/09/send_more_money/"
}
@ONLINE {FunctionsLua,
	author = {{Lua User Wiki, a Colaborative Website}},
    title = "Functions Tutorial",
    month = "oct",
    year  = "2018",
    url   = "http://lua-users.org/wiki/FunctionsTutorial"
}
@ONLINE {SpaceInvadersWikipedia,
    author = "Ryan Geddes and Daemon Hatfield",
    title = "IGN's Top 10 Most Influential Games",
    month = "nov",
    year = "2018",
    url = "https://www.ign.com/articles/2007/12/11/igns-top-10-most-influential-games"
}

